https://www.raspberrypi.com/products/raspberry-pi-4-model-b/specifications/

https://visualstudio.microsoft.com/downloads/

https://docs.microsoft.com/en-us/visualstudio/install/install-visual-studio?view=vs-2022

https://docs.python.org/3/using/windows.html

https://www.eclipse.org/downloads/packages/installer

https://github.com/Cloudslab/iFogSim


[1] R. P. Ltd, “Raspberry Pi 4 Model B specifications,” Raspberry Pi. https://www.raspberrypi.com/products/raspberry-pi-4-model-b/.

[1] “Download Visual Studio Tools - Install Free for Windows, Mac, Linux,” Visual Studio. https://visualstudio.microsoft.com/downloads/.

[1] “Install Visual Studio | Microsoft Docs.” https://docs.microsoft.com/en-us/visualstudio/install/install-visual-studio?view=vs-2022.

[1] “4. Using Python on Windows — Python 3.10.6 documentation.” https://docs.python.org/3/using/windows.html.

[1] “Eclipse Installer 2022-06 R | Eclipse Packages.” https://www.eclipse.org/downloads/packages/installer.

[1] “iFogSim2 (The New Version).” The Cloud Computing and Distributed Systems (CLOUDS) Laboratory, Jul. 10, 2022. Available: https://github.com/Cloudslab/iFogSim



